@article{aringhieri2016general,
  title={A general evolutionary framework for different classes of critical node problems},
  author={Aringhieri, Roberto and Grosso, Andrea and Hosteins, Pierre and Scatamacchia, Rosario},
  journal={Engineering Applications of Artificial Intelligence},
  volume={55},
  pages={128--145},
  year={2016},
  publisher={Elsevier}
}

@article{ventresca2012global,
  title={Global search algorithms using a combinatorial unranking-based problem representation for the critical node detection problem},
  author={Ventresca, Mario},
  journal={Computers \& Operations Research},
  volume={39},
  number={11},
  pages={2763--2775},
  year={2012},
  publisher={Elsevier}
}

@techreport{hagberg2008exploring,
  title={Exploring network structure, dynamics, and function using NetworkX},
  author={Hagberg, Aric and Swart, Pieter and S Chult, Daniel},
  year={2008},
  institution={Los Alamos National Lab.(LANL), Los Alamos, NM (United States)}
}

@article{hadka2017platypus,
  title={Platypus: A free and open source python library for multiobjective optimization},
  author={Hadka, D},
  journal={Available on Github, vol. https://github.com/Project-Platypus/Platypus},
  year={2017}
}

@article{ventresca2018bi,
  title={The bi-objective critical node detection problem},
  author={Ventresca, Mario and Harrison, Kyle Robert and Ombuki-Berman, Beatrice M},
  journal={European Journal of Operational Research},
  volume={265},
  number={3},
  pages={895--908},
  year={2018},
  publisher={Elsevier}
}

@inproceedings{knowles1999pareto,
  title={The pareto archived evolution strategy: A new baseline algorithm for pareto multiobjective optimisation},
  author={Knowles, Joshua and Corne, David},
  booktitle={Proceedings of the 1999 Congress on Evolutionary Computation-CEC99 (Cat. No. 99TH8406)},
  volume={1},
  pages={98--105},
  year={1999},
  organization={IEEE}
}

@inproceedings{li2017modified,
  title={A modified indicator-based evolutionary algorithm (mIBEA)},
  author={Li, Wenwen and {\"O}zcan, Ender and John, Robert and Drake, John H and Neumann, Aneta and Wagner, Markus},
  booktitle={2017 IEEE Congress on Evolutionary Computation (CEC)},
  pages={1047--1054},
  year={2017},
  organization={IEEE}
}

@book{brownlee2011clever,
  title={Clever algorithms: nature-inspired programming recipes},
  author={Brownlee, Jason},
  year={2011},
  publisher={Jason Brownlee}
}
